@incollection{BezLopStu2020chapter,
  title={Automatic configuration of multi-objective optimizers and multi-objective configuration},
  author={Bezerra, Leonardo CT and L{\'o}pez-Ib{\'a}{\~n}ez, Manuel and St{\"u}tzle, Thomas},
  booktitle={High-Performance Simulation-Based Optimization},
  pages={69--92},
  year={2020},
  publisher={Springer}
}

@article{ElsMetHut2019nas-survey,
  title={Neural architecture search: A survey.},
  author={Elsken, Thomas and Metzen, Jan Hendrik and Hutter, Frank and others},
  journal={J. Mach. Learn. Res.},
  volume={20},
  number={55},
  pages={1--21},
  year={2019}
}

@inproceedings{HutHooLey2011lion,
  title={Sequential model-based optimization for general algorithm configuration},
  author={Hutter, Frank and Hoos, Holger H and Leyton-Brown, Kevin},
  booktitle={LION},
  pages={507--523},
  year={2011},
  organization={Springer}
}
%   booktitle={International conference on learning and intelligent optimization},

@article{Krizhevsky2009cifar,
  title={Learning multiple layers of features from tiny images},
  author={Krizhevsky, A. and Hinton, G.},
  journal={Master's thesis, Department of Computer Science, University of Toronto},
  year={2009},
  publisher={Citeseer}
}

@article{LiJamSal2018hyperband,
  title={A novel bandit-based approach to hyperparameter optimization},
  author={Li, Lisha and Jamieson, Kevin and De Salvo, Giulia and Talwalkar, Rostamizadeh A and Hyperband, A},
  journal={Computer Vision and Pattern Recognition, arXiv: 1603.0656},
  year={2016}
}

@article{LopDubPerStuBir2016irace,
  title={The irace package: Iterated racing for automatic algorithm configuration},
  author={L{\'o}pez-Ib{\'a}nez, Manuel and Dubois-Lacoste, J{\'e}r{\'e}mie and C{\'a}ceres, Leslie P{\'e}rez and Birattari, Mauro and St{\"u}tzle, Thomas},
  journal={Oper. Res. Perspect.},
  volume={3},
  pages={43--58},
  year={2016},
  publisher={Elsevier}
}

@incollection{LopPaqStu09emaa,
  title={Exploratory analysis of stochastic local search algorithms in biobjective optimization},
  author={L{\'o}pez-Ib{\'a}nez, Manuel and Paquete, Lu{\'\i}s and St{\"u}tzle, Thomas},
  booktitle={Experimental methods for the analysis of optimization algorithms},
  pages={209--222},
  year={2010},
  publisher={Springer}
}


@article{LopStu2013ejor,
  title={Automatically improving the anytime behaviour of optimisation algorithms},
  author={L{\'o}pez-Ib{\'a}nez, Manuel and St{\"u}tzle, Thomas},
  journal={Europ. J. of Oper. Res.},
  volume={235},
  number={3},
  pages={569--582},
  year={2014},
  publisher={Elsevier}
}

@inproceedings{ReaAggHuaLe2019re,
  title={Regularized evolution for image classifier architecture search},
  author={Real, Esteban and Aggarwal, Alok and Huang, Yanping and Le, Quoc V},
  booktitle={AAAI},
  volume={33},
  number={01},
  pages={4780--4789},
  year={2019}
}
  %booktitle={Proceedings of the aaai conference on artificial intelligence},

@inproceedings{YinKleChrReaMurHut2019nasbench,
  title={Nas-bench-101: Towards reproducible neural architecture search},
  author={Ying, Chris and Klein, Aaron and Christiansen, Eric and Real, Esteban and Murphy, Kevin and Hutter, Frank},
  booktitle={ICML},
  pages={7105--7114},
  year={2019},
  organization={PMLR}
}
%  booktitle={International Conference on Machine Learning},

@article{ZitThiLauFon2003:tec,
  title={Performance assessment of multiobjective optimizers: An analysis and review},
  author={Zitzler, Eckart and Thiele, Lothar and Laumanns, Marco and Fonseca, Carlos M and Da Fonseca, Viviane Grunert},
  journal={IEEE Trans. on Evol. Computat.},
  volume={7},
  number={2},
  pages={117--132},
  year={2003},
  publisher={IEEE}
}

@article{ZopLe2017nas,
  title={Neural architecture search with reinforcement learning},
  author={Zoph, Barret and Le, Quoc V},
  journal={arXiv preprint arXiv:1611.01578},
  year={2016}
}

@inproceedings{ZopVasShlLeh2018scalable,
  title={Learning transferable architectures for scalable image recognition},
  author={Zoph, Barret and Vasudevan, Vijay and Shlens, Jonathon and Le, Quoc V},
  booktitle={IEEE CVPR},
  pages={8697--8710},
  year={2018}
}
%   booktitle={Proceedings of the IEEE conference on computer vision and pattern recognition},
